@InProceedings{corel5k,
author="Duygulu, P.
and Barnard, K.
and de Freitas, J. F. G.
and Forsyth, D. A.",
editor="Heyden, Anders
and Sparr, Gunnar
and Nielsen, Mads
and Johansen, Peter",
title="Object Recognition as Machine Translation: Learning a Lexicon for a Fixed Image Vocabulary",
booktitle="Computer Vision --- ECCV 2002",
year="2002",
publisher="Springer Berlin Heidelberg",
address="Berlin, Heidelberg",
pages="97--112"
}

@incollection{gclda,
title = {Generalized Correspondence-LDA Models (GC-LDA) for Identifying Functional Regions in the Brain},
author = {Rubin, Timothy and Koyejo, Oluwasanmi O and Jones, Michael N and Yarkoni, Tal},
booktitle = {Advances in Neural Information Processing Systems 29},
editor = {D. D. Lee and M. Sugiyama and U. V. Luxburg and I. Guyon and R. Garnett},
pages = {1118--1126},
year = {2016},
publisher = {Curran Associates, Inc.},
}

@inproceedings{espgame,
  title={Labeling images with a computer game},
  author={Von Ahn, Luis and Dabbish, Laura},
  booktitle={Proceedings of the SIGCHI conference on Human factors in computing systems},
  pages={319--326},
  year={2004},
  organization={ACM}
}

@article{griffiths2004finding,
  title={Finding scientific topics},
  author={Griffiths, Thomas L and Steyvers, Mark},
  journal={Proceedings of the National academy of Sciences},
  volume={101},
  number={suppl 1},
  pages={5228--5235},
  year={2004},
  publisher={National Acad Sciences}
}

@inproceedings{mirflickr,
 author = {Huiskes, Mark J. and Lew, Michael S.},
 title = {The MIR Flickr Retrieval Evaluation},
 booktitle = {Proceedings of the 1st ACM International Conference on Multimedia Information Retrieval},
 series = {MIR '08},
 year = {2008},
 isbn = {978-1-60558-312-9},
 location = {Vancouver, British Columbia, Canada},
 pages = {39--43},
 numpages = {5},
 url = {http://doi.acm.org/10.1145/1460096.1460104},
 doi = {10.1145/1460096.1460104},
 acmid = {1460104},
 publisher = {ACM},
 address = {New York, NY, USA},
 keywords = {benchmarking, content-based image retrieval, image collections, relevance feedback},
} 

@inproceedings{corr-lda,
  title={Modeling annotated data},
  author={Blei, David M and Jordan, Michael I},
  booktitle={Proceedings of the 26th annual international ACM SIGIR conference on Research and development in informaion retrieval},
  pages={127--134},
  year={2003},
  organization={ACM}
}

@article{barnard2003matching,
  title={Matching words and pictures},
  author={Barnard, Kobus and Duygulu, Pinar and Forsyth, David and Freitas, Nando de and Blei, David M and Jordan, Michael I},
  journal={Journal of machine learning research},
  volume={3},
  number={Feb},
  pages={1107--1135},
  year={2003}
}

@article{shi2000normalized,
  title={Normalized cuts and image segmentation},
  author={Shi, Jianbo and Malik, Jitendra},
  journal={IEEE Transactions on pattern analysis and machine intelligence},
  volume={22},
  number={8},
  pages={888--905},
  year={2000},
  publisher={Ieee}
}



@article{blei2003latent,
  title={Latent dirichlet allocation},
  author={Blei, David M and Ng, Andrew Y and Jordan, Michael I},
  journal={Journal of machine Learning research},
  volume={3},
  number={Jan},
  pages={993--1022},
  year={2003}
}

@inproceedings{futureWork,
  title={Incorporating lexical priors into topic models},
  author={Jagarlamudi, Jagadeesh and Daum{\'e} III, Hal and Udupa, Raghavendra},
  booktitle={Proceedings of the 13th Conference of the European Chapter of the Association for Computational Linguistics},
  pages={204--213},
  year={2012},
  organization={Association for Computational Linguistics}
}